<collection xmlns="http://www.loc.gov/MARC21/slim">
<record>
  <leader>00962nam0a22002171i 450 </leader>
  <controlfield tag="001">IT\ICCU\CNCE\060536</controlfield>
  <controlfield tag="005">20130605000000.0</controlfield>
  <datafield tag="012" ind1=" " ind2=" ">
    <subfield code="a">a-en uioq nior dese (C) 1505 (R)</subfield>
    <subfield code="2">fei</subfield>
  </datafield>
  <datafield tag="100" ind1=" " ind2=" ">
    <subfield code="a">20050517d1505        0itac0103    ba</subfield>
  </datafield>
  <datafield tag="101" ind1=" " ind2=" ">
    <subfield code="a">LAT</subfield>
  </datafield>
  <datafield tag="102" ind1=" " ind2=" ">
    <subfield code="a">IT</subfield>
  </datafield>
  <datafield tag="200" ind1="1" ind2=" ">
    <subfield code="a">℗Petri Pauli Vergerii iustinopolitani℗ De ingenuis moribus ac liberalibus studijs libellus ...</subfield>
  </datafield>
  <datafield tag="210" ind1=" " ind2=" ">
    <subfield code="e">Mediolani</subfield>
    <subfield code="g">per magistrum Leonardum Pachel</subfield>
    <subfield code="h">1505 die xxix maij</subfield>
  </datafield>
  <datafield tag="215" ind1=" " ind2=" ">
    <subfield code="a">\26! c.; 4ʻ</subfield>
  </datafield>
  <datafield tag="300" ind1=" " ind2=" ">
    <subfield code="a">ANNULLATA  ̈il cnce 60533</subfield>
  </datafield>
  <datafield tag="620" ind1=" " ind2=" ">
    <subfield code="a">IT</subfield>
    <subfield code="d">Milano</subfield>
  </datafield>
  <datafield tag="700" ind1=" " ind2="1">
    <subfield code="a">Vergerio,</subfield>
    <subfield code="b">Pietro Paolo</subfield>
    <subfield code="c"> &lt;il vecchio&gt;</subfield>
    <subfield code="3">IT\ICCU\CNCA\006615</subfield>
  </datafield>
  <datafield tag="712" ind1="0" ind2="0">
    <subfield code="a">Pachel, Leonhard</subfield>
    <subfield code="3">IT\ICCU\CNCT\000080</subfield>
    <subfield code="4">650</subfield>
  </datafield>
  <datafield tag="790" ind1=" " ind2="1">
    <subfield code="a">Vergerius,</subfield>
    <subfield code="b">Petrus Paulus</subfield>
    <subfield code="c"> &lt;il vecchio&gt;</subfield>
    <subfield code="3">IT\ICCU\CNCA\024759</subfield>
    <subfield code="z">Vergerio, Pietro Paolo &lt;il vecchio&gt;</subfield>
  </datafield>
  <datafield tag="801" ind1=" " ind2="3">
    <subfield code="a">IT</subfield>
    <subfield code="b">ICCU</subfield>
    <subfield code="c">20201115</subfield>
  </datafield>
  <datafield tag="899" ind1=" " ind2=" ">
    <subfield code="a">Biblioteca pedagogica nazionale dell&apos;Istituto Nazionale di Documentazione per l&apos;Innovazione e la Ricerca Educativa. Firenze</subfield>
    <subfield code="1">FI0097</subfield>
    <subfield code="2">ZFI 60</subfield>
  </datafield>
</record>
</collection>
